%I think maybe this should be a book not an article
%What is "Number"?
@article{DinurShamir2009,
    author  = "Itai Dinur, Adi Shamir",
    title   = "Cube Attacks on Tweakable Black Box Polynomials",
    year    = "2009",
    journal = "Lecture Notes in Computer Science",
    volume  = "5479",
    number  = "1",
    pages   = "278--299"
}
@article{MobiusTransform,
    author  = "Pierre-Alain Fouque, Thomas Vannet",
    title   = "Improving Key Recovery to 784 and 799 rounds of Trivium using Optimized Cube Attacks",
    year    = "2013",
	journal = "",
    volume  = "",
    number  = "",
    pages   = ""
}
%put a funny o on the a of agren
%see http://www.researchgate.net/publication/220141205_Grain-128a_a_new_version_of_Grain-128_with_optional_authentication
@article{Grain128aSpec,
    author  = "Martin Agren, Marin Hell, Thomas Johansson, Willi Meier",
    title   = "Grain-128a: a new version of Grain-128 with optional authentication",
    year    = "2011",
    journal = "International Journal of Wireless and Mobile Computing",
}
@online{eStreamPort,
  author = {ECRYPT},
  title = {eStream Portfolio},
  year = 2012,
  url = {http://www.ecrypt.eu.org/stream},
  urldate = {2015-04-16}
}
@misc{cryptoeprint:2010:570,
    author = {Itai Dinur and Adi Shamir},
    title = {Breaking Grain-128 with Dynamic Cube Attacks},
    howpublished = {Cryptology ePrint Archive, Report 2010/570},
    year = {2010},
    note = {\url{http://eprint.iacr.org/}},
}
@article{DynamicCube128,
    author  = "Itai Dinur, Adi Shamir",
    title   = "Breaking Grain-128 with Dynamic Cube Attacks",
    year    = "2011",
    journal = "Lecture Notes in Computer Science",
    volume  = "6733",
    number  = "1",
    pages   = "167--187"
}